%YAML 1.1
%TAG !u! tag:unity3d.com,2011:
--- !u!1 &2366470857275098486
GameObject:
  m_ObjectHideFlags: 0
  m_CorrespondingSourceObject: {fileID: 0}
  m_PrefabInstance: {fileID: 0}
  m_PrefabAsset: {fileID: 0}
  serializedVersion: 6
  m_Component:
  - component: {fileID: 4125550280369792736}
  m_Layer: 0
  m_Name: Dir
  m_TagString: Untagged
  m_Icon: {fileID: 0}
  m_NavMeshLayer: 0
  m_StaticEditorFlags: 0
  m_IsActive: 1
--- !u!4 &4125550280369792736
Transform:
  m_ObjectHideFlags: 0
  m_CorrespondingSourceObject: {fileID: 0}
  m_PrefabInstance: {fileID: 0}
  m_PrefabAsset: {fileID: 0}
  m_GameObject: {fileID: 2366470857275098486}
  m_LocalRotation: {x: -0, y: -0, z: -0, w: 1}
  m_LocalPosition: {x: 0, y: 0, z: 6.49}
  m_LocalScale: {x: 1, y: 1, z: 1}
  m_ConstrainProportionsScale: 0
  m_Children: []
  m_Father: {fileID: 3370786025029563234}
  m_RootOrder: 2
  m_LocalEulerAnglesHint: {x: 0, y: 0, z: 0}
--- !u!1 &3675658241541772761
GameObject:
  m_ObjectHideFlags: 0
  m_CorrespondingSourceObject: {fileID: 0}
  m_PrefabInstance: {fileID: 0}
  m_PrefabAsset: {fileID: 0}
  serializedVersion: 6
  m_Component:
  - component: {fileID: 3675658241541772760}
  - component: {fileID: 3675658241541772765}
  - component: {fileID: 3675658241541772762}
  - component: {fileID: 3675658241541772763}
  - component: {fileID: 3675658241541772764}
  m_Layer: 2
  m_Name: Lazer
  m_TagString: Untagged
  m_Icon: {fileID: 0}
  m_NavMeshLayer: 0
  m_StaticEditorFlags: 0
  m_IsActive: 1
--- !u!4 &3675658241541772760
Transform:
  m_ObjectHideFlags: 0
  m_CorrespondingSourceObject: {fileID: 0}
  m_PrefabInstance: {fileID: 0}
  m_PrefabAsset: {fileID: 0}
  m_GameObject: {fileID: 3675658241541772761}
  m_LocalRotation: {x: 0.7071068, y: 0, z: 0, w: 0.7071068}
  m_LocalPosition: {x: 0, y: -0, z: 5}
  m_LocalScale: {x: 1, y: 5, z: 1}
  m_ConstrainProportionsScale: 0
  m_Children: []
  m_Father: {fileID: 3370786025029563234}
  m_RootOrder: 1
  m_LocalEulerAnglesHint: {x: 90, y: 0, z: 0}
--- !u!33 &3675658241541772765
MeshFilter:
  m_ObjectHideFlags: 0
  m_CorrespondingSourceObject: {fileID: 0}
  m_PrefabInstance: {fileID: 0}
  m_PrefabAsset: {fileID: 0}
  m_GameObject: {fileID: 3675658241541772761}
  m_Mesh: {fileID: 10206, guid: 0000000000000000e000000000000000, type: 0}
--- !u!23 &3675658241541772762
MeshRenderer:
  m_ObjectHideFlags: 0
  m_CorrespondingSourceObject: {fileID: 0}
  m_PrefabInstance: {fileID: 0}
  m_PrefabAsset: {fileID: 0}
  m_GameObject: {fileID: 3675658241541772761}
  m_Enabled: 0
  m_CastShadows: 1
  m_ReceiveShadows: 1
  m_DynamicOccludee: 1
  m_StaticShadowCaster: 0
  m_MotionVectors: 1
  m_LightProbeUsage: 1
  m_ReflectionProbeUsage: 1
  m_RayTracingMode: 2
  m_RayTraceProcedural: 0
  m_RenderingLayerMask: 1
  m_RendererPriority: 0
  m_Materials:
  - {fileID: 2100000, guid: ec4f30109f3ae004f9e4eccfd8958335, type: 2}
  m_StaticBatchInfo:
    firstSubMesh: 0
    subMeshCount: 0
  m_StaticBatchRoot: {fileID: 0}
  m_ProbeAnchor: {fileID: 0}
  m_LightProbeVolumeOverride: {fileID: 0}
  m_ScaleInLightmap: 1
  m_ReceiveGI: 1
  m_PreserveUVs: 0
  m_IgnoreNormalsForChartDetection: 0
  m_ImportantGI: 0
  m_StitchLightmapSeams: 1
  m_SelectedEditorRenderState: 3
  m_MinimumChartSize: 4
  m_AutoUVMaxDistance: 0.5
  m_AutoUVMaxAngle: 89
  m_LightmapParameters: {fileID: 0}
  m_SortingLayerID: 0
  m_SortingLayer: 0
  m_SortingOrder: 0
  m_AdditionalVertexStreams: {fileID: 0}
--- !u!136 &3675658241541772763
CapsuleCollider:
  m_ObjectHideFlags: 0
  m_CorrespondingSourceObject: {fileID: 0}
  m_PrefabInstance: {fileID: 0}
  m_PrefabAsset: {fileID: 0}
  m_GameObject: {fileID: 3675658241541772761}
  m_Material: {fileID: 0}
  m_IsTrigger: 1
  m_Enabled: 1
  m_Radius: 0.5000001
  m_Height: 2
  m_Direction: 1
  m_Center: {x: 0.000000059604645, y: 0, z: -0.00000008940697}
--- !u!114 &3675658241541772764
MonoBehaviour:
  m_ObjectHideFlags: 0
  m_CorrespondingSourceObject: {fileID: 0}
  m_PrefabInstance: {fileID: 0}
  m_PrefabAsset: {fileID: 0}
  m_GameObject: {fileID: 3675658241541772761}
  m_Enabled: 1
  m_EditorHideFlags: 0
  m_Script: {fileID: 11500000, guid: f6b8abc6938983349b4f083b91a785da, type: 3}
  m_Name: 
  m_EditorClassIdentifier: 
--- !u!1 &3675658242055498267
GameObject:
  m_ObjectHideFlags: 0
  m_CorrespondingSourceObject: {fileID: 0}
  m_PrefabInstance: {fileID: 0}
  m_PrefabAsset: {fileID: 0}
  serializedVersion: 6
  m_Component:
  - component: {fileID: 3675658242055498266}
  - component: {fileID: 3675658242055498269}
  m_Layer: 0
  m_Name: WaterLazerGPE
  m_TagString: Untagged
  m_Icon: {fileID: 0}
  m_NavMeshLayer: 0
  m_StaticEditorFlags: 0
  m_IsActive: 1
--- !u!4 &3675658242055498266
Transform:
  m_ObjectHideFlags: 0
  m_CorrespondingSourceObject: {fileID: 0}
  m_PrefabInstance: {fileID: 0}
  m_PrefabAsset: {fileID: 0}
  m_GameObject: {fileID: 3675658242055498267}
  m_LocalRotation: {x: 0, y: 0, z: 0, w: 1}
  m_LocalPosition: {x: 2.61, y: 1.01, z: 11.41}
  m_LocalScale: {x: 1, y: 1, z: 1}
  m_ConstrainProportionsScale: 0
  m_Children:
  - {fileID: 2419074124237103486}
  - {fileID: 3370786025029563234}
  m_Father: {fileID: 0}
  m_RootOrder: 0
  m_LocalEulerAnglesHint: {x: 0, y: 0, z: 0}
--- !u!114 &3675658242055498269
MonoBehaviour:
  m_ObjectHideFlags: 0
  m_CorrespondingSourceObject: {fileID: 0}
  m_PrefabInstance: {fileID: 0}
  m_PrefabAsset: {fileID: 0}
  m_GameObject: {fileID: 3675658242055498267}
  m_Enabled: 1
  m_EditorHideFlags: 0
  m_Script: {fileID: 11500000, guid: c8f3a07b68a9242409194e2c2e9c9e41, type: 3}
  m_Name: 
  m_EditorClassIdentifier: 
  lazerDuration: 3
  lazerSign: 1
  lazerWait: 2
  scaleNul: {x: 0, y: 0, z: 0.666}
  scaleSign: {x: 0.2, y: 0.2, z: 0.666}
  scaleBeam: {x: 3, y: 3, z: 0.666}
  beam: {fileID: 3370786025029563234}
  dirbeam: {fileID: 4125550280369792736}
  beamHitbox: {fileID: 3675658241541772761}
  beamVisuel: {fileID: 4481824084018640128}
  hitable:
    serializedVersion: 2
    m_Bits: 2048
--- !u!1 &5500909544747646964
GameObject:
  m_ObjectHideFlags: 0
  m_CorrespondingSourceObject: {fileID: 0}
  m_PrefabInstance: {fileID: 0}
  m_PrefabAsset: {fileID: 0}
  serializedVersion: 6
  m_Component:
  - component: {fileID: 3370786025029563234}
  m_Layer: 0
  m_Name: LazerTransform
  m_TagString: Untagged
  m_Icon: {fileID: 0}
  m_NavMeshLayer: 0
  m_StaticEditorFlags: 0
  m_IsActive: 1
--- !u!4 &3370786025029563234
Transform:
  m_ObjectHideFlags: 0
  m_CorrespondingSourceObject: {fileID: 0}
  m_PrefabInstance: {fileID: 0}
  m_PrefabAsset: {fileID: 0}
  m_GameObject: {fileID: 5500909544747646964}
  m_LocalRotation: {x: 0, y: 0, z: 0, w: 1}
  m_LocalPosition: {x: 0, y: 1.5, z: 0}
  m_LocalScale: {x: 1, y: 1, z: 1}
  m_ConstrainProportionsScale: 0
  m_Children:
  - {fileID: 4481824084018640128}
  - {fileID: 3675658241541772760}
  - {fileID: 4125550280369792736}
  m_Father: {fileID: 3675658242055498266}
  m_RootOrder: 1
  m_LocalEulerAnglesHint: {x: 0, y: 0, z: 0}
--- !u!1001 &7021767183847722855
PrefabInstance:
  m_ObjectHideFlags: 0
  serializedVersion: 2
  m_Modification:
    m_TransformParent: {fileID: 3675658242055498266}
    m_Modifications:
    - target: {fileID: 915756825210292908, guid: 3c5b743e7effd184fa62ba1b93766e4f,
        type: 3}
      propertyPath: m_Name
      value: LaserBox
      objectReference: {fileID: 0}
    - target: {fileID: 4674757391521213977, guid: 3c5b743e7effd184fa62ba1b93766e4f,
        type: 3}
      propertyPath: m_RootOrder
      value: 0
      objectReference: {fileID: 0}
    - target: {fileID: 4674757391521213977, guid: 3c5b743e7effd184fa62ba1b93766e4f,
        type: 3}
      propertyPath: m_LocalScale.x
      value: 1
      objectReference: {fileID: 0}
    - target: {fileID: 4674757391521213977, guid: 3c5b743e7effd184fa62ba1b93766e4f,
        type: 3}
      propertyPath: m_LocalScale.y
      value: 1
      objectReference: {fileID: 0}
    - target: {fileID: 4674757391521213977, guid: 3c5b743e7effd184fa62ba1b93766e4f,
        type: 3}
      propertyPath: m_LocalScale.z
      value: 1
      objectReference: {fileID: 0}
    - target: {fileID: 4674757391521213977, guid: 3c5b743e7effd184fa62ba1b93766e4f,
        type: 3}
      propertyPath: m_LocalPosition.x
      value: 0
      objectReference: {fileID: 0}
    - target: {fileID: 4674757391521213977, guid: 3c5b743e7effd184fa62ba1b93766e4f,
        type: 3}
      propertyPath: m_LocalPosition.y
      value: 0
      objectReference: {fileID: 0}
    - target: {fileID: 4674757391521213977, guid: 3c5b743e7effd184fa62ba1b93766e4f,
        type: 3}
      propertyPath: m_LocalPosition.z
      value: 0
      objectReference: {fileID: 0}
    - target: {fileID: 4674757391521213977, guid: 3c5b743e7effd184fa62ba1b93766e4f,
        type: 3}
      propertyPath: m_LocalRotation.w
      value: 1
      objectReference: {fileID: 0}
    - target: {fileID: 4674757391521213977, guid: 3c5b743e7effd184fa62ba1b93766e4f,
        type: 3}
      propertyPath: m_LocalRotation.x
      value: -0
      objectReference: {fileID: 0}
    - target: {fileID: 4674757391521213977, guid: 3c5b743e7effd184fa62ba1b93766e4f,
        type: 3}
      propertyPath: m_LocalRotation.y
      value: -0
      objectReference: {fileID: 0}
    - target: {fileID: 4674757391521213977, guid: 3c5b743e7effd184fa62ba1b93766e4f,
        type: 3}
      propertyPath: m_LocalRotation.z
      value: -0
      objectReference: {fileID: 0}
    - target: {fileID: 4674757391521213977, guid: 3c5b743e7effd184fa62ba1b93766e4f,
        type: 3}
      propertyPath: m_LocalEulerAnglesHint.x
      value: 0
      objectReference: {fileID: 0}
    - target: {fileID: 4674757391521213977, guid: 3c5b743e7effd184fa62ba1b93766e4f,
        type: 3}
      propertyPath: m_LocalEulerAnglesHint.y
      value: 0
      objectReference: {fileID: 0}
    - target: {fileID: 4674757391521213977, guid: 3c5b743e7effd184fa62ba1b93766e4f,
        type: 3}
      propertyPath: m_LocalEulerAnglesHint.z
      value: 0
      objectReference: {fileID: 0}
    m_RemovedComponents: []
  m_SourcePrefab: {fileID: 100100000, guid: 3c5b743e7effd184fa62ba1b93766e4f, type: 3}
--- !u!4 &2419074124237103486 stripped
Transform:
  m_CorrespondingSourceObject: {fileID: 4674757391521213977, guid: 3c5b743e7effd184fa62ba1b93766e4f,
    type: 3}
  m_PrefabInstance: {fileID: 7021767183847722855}
  m_PrefabAsset: {fileID: 0}
--- !u!1001 &9088187213503071282
PrefabInstance:
  m_ObjectHideFlags: 0
  serializedVersion: 2
  m_Modification:
    m_TransformParent: {fileID: 3370786025029563234}
    m_Modifications:
    - target: {fileID: 4624380278136222002, guid: b9cf2dcb07cb26b478c75a1e21f1d552,
        type: 3}
      propertyPath: m_RootOrder
      value: 0
      objectReference: {fileID: 0}
    - target: {fileID: 4624380278136222002, guid: b9cf2dcb07cb26b478c75a1e21f1d552,
        type: 3}
      propertyPath: m_LocalScale.x
      value: 3
      objectReference: {fileID: 0}
    - target: {fileID: 4624380278136222002, guid: b9cf2dcb07cb26b478c75a1e21f1d552,
        type: 3}
      propertyPath: m_LocalScale.y
      value: 3
      objectReference: {fileID: 0}
    - target: {fileID: 4624380278136222002, guid: b9cf2dcb07cb26b478c75a1e21f1d552,
        type: 3}
      propertyPath: m_LocalScale.z
      value: 0.666
      objectReference: {fileID: 0}
    - target: {fileID: 4624380278136222002, guid: b9cf2dcb07cb26b478c75a1e21f1d552,
        type: 3}
      propertyPath: m_LocalPosition.x
      value: 0
      objectReference: {fileID: 0}
    - target: {fileID: 4624380278136222002, guid: b9cf2dcb07cb26b478c75a1e21f1d552,
        type: 3}
      propertyPath: m_LocalPosition.y
      value: 0
      objectReference: {fileID: 0}
    - target: {fileID: 4624380278136222002, guid: b9cf2dcb07cb26b478c75a1e21f1d552,
        type: 3}
      propertyPath: m_LocalPosition.z
      value: 5
      objectReference: {fileID: 0}
    - target: {fileID: 4624380278136222002, guid: b9cf2dcb07cb26b478c75a1e21f1d552,
        type: 3}
      propertyPath: m_LocalRotation.w
      value: 1
      objectReference: {fileID: 0}
    - target: {fileID: 4624380278136222002, guid: b9cf2dcb07cb26b478c75a1e21f1d552,
        type: 3}
      propertyPath: m_LocalRotation.x
      value: -0
      objectReference: {fileID: 0}
    - target: {fileID: 4624380278136222002, guid: b9cf2dcb07cb26b478c75a1e21f1d552,
        type: 3}
      propertyPath: m_LocalRotation.y
      value: -0
      objectReference: {fileID: 0}
    - target: {fileID: 4624380278136222002, guid: b9cf2dcb07cb26b478c75a1e21f1d552,
        type: 3}
      propertyPath: m_LocalRotation.z
      value: -0
      objectReference: {fileID: 0}
    - target: {fileID: 4624380278136222002, guid: b9cf2dcb07cb26b478c75a1e21f1d552,
        type: 3}
      propertyPath: m_LocalEulerAnglesHint.x
      value: 0
      objectReference: {fileID: 0}
    - target: {fileID: 4624380278136222002, guid: b9cf2dcb07cb26b478c75a1e21f1d552,
        type: 3}
      propertyPath: m_LocalEulerAnglesHint.y
      value: 0
      objectReference: {fileID: 0}
    - target: {fileID: 4624380278136222002, guid: b9cf2dcb07cb26b478c75a1e21f1d552,
        type: 3}
      propertyPath: m_LocalEulerAnglesHint.z
      value: 0
      objectReference: {fileID: 0}
    - target: {fileID: 6531640045047508657, guid: b9cf2dcb07cb26b478c75a1e21f1d552,
        type: 3}
      propertyPath: m_Name
      value: VFX_WaterLaser
      objectReference: {fileID: 0}
    m_RemovedComponents: []
  m_SourcePrefab: {fileID: 100100000, guid: b9cf2dcb07cb26b478c75a1e21f1d552, type: 3}
--- !u!4 &4481824084018640128 stripped
Transform:
  m_CorrespondingSourceObject: {fileID: 4624380278136222002, guid: b9cf2dcb07cb26b478c75a1e21f1d552,
    type: 3}
  m_PrefabInstance: {fileID: 9088187213503071282}
  m_PrefabAsset: {fileID: 0}
