%YAML 1.1
%TAG !u! tag:unity3d.com,2011:
--- !u!1 &284630242083521072
GameObject:
  m_ObjectHideFlags: 0
  m_CorrespondingSourceObject: {fileID: 0}
  m_PrefabInstance: {fileID: 0}
  m_PrefabAsset: {fileID: 0}
  serializedVersion: 6
  m_Component:
  - component: {fileID: 284630242083521073}
  - component: {fileID: 284630242083521074}
  - component: {fileID: 1060612814}
  - component: {fileID: 1060612813}
  m_Layer: 8
  m_Name: BDF
  m_TagString: Untagged
  m_Icon: {fileID: 0}
  m_NavMeshLayer: 0
  m_StaticEditorFlags: 0
  m_IsActive: 1
--- !u!4 &284630242083521073
Transform:
  m_ObjectHideFlags: 0
  m_CorrespondingSourceObject: {fileID: 0}
  m_PrefabInstance: {fileID: 0}
  m_PrefabAsset: {fileID: 0}
  m_GameObject: {fileID: 284630242083521072}
  m_LocalRotation: {x: 0, y: 0, z: 0, w: 1}
  m_LocalPosition: {x: -6.47, y: 1.66, z: 0}
  m_LocalScale: {x: 2, y: 2, z: 2}
  m_ConstrainProportionsScale: 0
  m_Children:
  - {fileID: 5642440775481078268}
  - {fileID: 1515216424621320972}
  - {fileID: 8188149109307353425}
  m_Father: {fileID: 0}
  m_RootOrder: 0
  m_LocalEulerAnglesHint: {x: 0, y: 0, z: 0}
--- !u!135 &284630242083521074
SphereCollider:
  m_ObjectHideFlags: 0
  m_CorrespondingSourceObject: {fileID: 0}
  m_PrefabInstance: {fileID: 0}
  m_PrefabAsset: {fileID: 0}
  m_GameObject: {fileID: 284630242083521072}
  m_Material: {fileID: 0}
  m_IsTrigger: 1
  m_Enabled: 1
  serializedVersion: 2
  m_Radius: 0.5
  m_Center: {x: 0, y: 0, z: 0}
--- !u!114 &1060612814
MonoBehaviour:
  m_ObjectHideFlags: 0
  m_CorrespondingSourceObject: {fileID: 0}
  m_PrefabInstance: {fileID: 0}
  m_PrefabAsset: {fileID: 0}
  m_GameObject: {fileID: 284630242083521072}
  m_Enabled: 1
  m_EditorHideFlags: 0
  m_Script: {fileID: 11500000, guid: da8459ffb09426646bd240b06f89bfd6, type: 3}
  m_Name: 
  m_EditorClassIdentifier: 
  bdf_PostHitLifeTime: 0.035
  bdf_MoveSpeed: 30
  bdf_Range: 30
  bdf_BaseScale: 2
  bdf_bonus_MoveSpeed: 0
  bdf_bonus_Scale: 0
  bdf_Renders:
  - {fileID: 5642440775818283683}
  - {fileID: 5642440776888574002}
  - {fileID: 4795366222730830491}
  - {fileID: 6154027990885558631}
  bdf_Col: {fileID: 284630242083521074}
  bdf_sparks: {fileID: 5301978260378931493}
  bdf_trail: {fileID: 5642440776938105020}
  bdf_VFX_lifeTime: 2
  impact:
    m_PersistentCalls:
      m_Calls:
      - m_Target: {fileID: 1515216424621320975}
        m_TargetAssemblyTypeName: UnityEngine.ParticleSystem, UnityEngine
        m_MethodName: Play
        m_Mode: 1
        m_Arguments:
          m_ObjectArgument: {fileID: 0}
          m_ObjectArgumentAssemblyTypeName: UnityEngine.Object, UnityEngine
          m_IntArgument: 0
          m_FloatArgument: 0
          m_StringArgument: 
          m_BoolArgument: 0
        m_CallState: 2
--- !u!54 &1060612813
Rigidbody:
  m_ObjectHideFlags: 0
  m_CorrespondingSourceObject: {fileID: 0}
  m_PrefabInstance: {fileID: 0}
  m_PrefabAsset: {fileID: 0}
  m_GameObject: {fileID: 284630242083521072}
  serializedVersion: 2
  m_Mass: 1
  m_Drag: 0
  m_AngularDrag: 0.05
  m_UseGravity: 1
  m_IsKinematic: 0
  m_Interpolate: 0
  m_Constraints: 84
  m_CollisionDetection: 0
--- !u!1 &5800547144968128712
GameObject:
  m_ObjectHideFlags: 0
  m_CorrespondingSourceObject: {fileID: 0}
  m_PrefabInstance: {fileID: 0}
  m_PrefabAsset: {fileID: 0}
  serializedVersion: 6
  m_Component:
  - component: {fileID: 8188149109307353425}
  - component: {fileID: 8417381808075613442}
  - component: {fileID: 1777609661944853865}
  m_Layer: 12
  m_Name: GroundCol
  m_TagString: Untagged
  m_Icon: {fileID: 0}
  m_NavMeshLayer: 0
  m_StaticEditorFlags: 0
  m_IsActive: 1
--- !u!4 &8188149109307353425
Transform:
  m_ObjectHideFlags: 0
  m_CorrespondingSourceObject: {fileID: 0}
  m_PrefabInstance: {fileID: 0}
  m_PrefabAsset: {fileID: 0}
  m_GameObject: {fileID: 5800547144968128712}
  m_LocalRotation: {x: 0, y: 0, z: 0, w: 1}
  m_LocalPosition: {x: 0, y: 0, z: 0}
  m_LocalScale: {x: 1, y: 1, z: 1}
  m_ConstrainProportionsScale: 0
  m_Children: []
  m_Father: {fileID: 284630242083521073}
  m_RootOrder: 2
  m_LocalEulerAnglesHint: {x: 0, y: 0, z: 0}
--- !u!135 &8417381808075613442
SphereCollider:
  m_ObjectHideFlags: 0
  m_CorrespondingSourceObject: {fileID: 0}
  m_PrefabInstance: {fileID: 0}
  m_PrefabAsset: {fileID: 0}
  m_GameObject: {fileID: 5800547144968128712}
  m_Material: {fileID: 0}
  m_IsTrigger: 1
  m_Enabled: 1
  serializedVersion: 2
  m_Radius: 0.05
  m_Center: {x: 0, y: 0, z: 0}
--- !u!114 &1777609661944853865
MonoBehaviour:
  m_ObjectHideFlags: 0
  m_CorrespondingSourceObject: {fileID: 0}
  m_PrefabInstance: {fileID: 0}
  m_PrefabAsset: {fileID: 0}
  m_GameObject: {fileID: 5800547144968128712}
  m_Enabled: 1
  m_EditorHideFlags: 0
  m_Script: {fileID: 11500000, guid: c7a4740ccea606b46b690700842708e9, type: 3}
  m_Name: 
  m_EditorClassIdentifier: 
  bdf: {fileID: 1060612814}
--- !u!1001 &8411928020052564922
PrefabInstance:
  m_ObjectHideFlags: 0
  serializedVersion: 2
  m_Modification:
    m_TransformParent: {fileID: 284630242083521073}
    m_Modifications:
    - target: {fileID: 4247125391618882441, guid: aeb21d0f06e309447b9d9221e7b3042e,
        type: 3}
      propertyPath: m_Enabled
      value: 1
      objectReference: {fileID: 0}
    - target: {fileID: 4247125392489048641, guid: aeb21d0f06e309447b9d9221e7b3042e,
        type: 3}
      propertyPath: m_Name
      value: VFX_FireBall
      objectReference: {fileID: 0}
    - target: {fileID: 4247125392489048646, guid: aeb21d0f06e309447b9d9221e7b3042e,
        type: 3}
      propertyPath: m_RootOrder
      value: 0
      objectReference: {fileID: 0}
    - target: {fileID: 4247125392489048646, guid: aeb21d0f06e309447b9d9221e7b3042e,
        type: 3}
      propertyPath: m_LocalScale.x
      value: 1
      objectReference: {fileID: 0}
    - target: {fileID: 4247125392489048646, guid: aeb21d0f06e309447b9d9221e7b3042e,
        type: 3}
      propertyPath: m_LocalScale.y
      value: 1
      objectReference: {fileID: 0}
    - target: {fileID: 4247125392489048646, guid: aeb21d0f06e309447b9d9221e7b3042e,
        type: 3}
      propertyPath: m_LocalScale.z
      value: 1
      objectReference: {fileID: 0}
    - target: {fileID: 4247125392489048646, guid: aeb21d0f06e309447b9d9221e7b3042e,
        type: 3}
      propertyPath: m_LocalPosition.x
      value: 0
      objectReference: {fileID: 0}
    - target: {fileID: 4247125392489048646, guid: aeb21d0f06e309447b9d9221e7b3042e,
        type: 3}
      propertyPath: m_LocalPosition.y
      value: 0
      objectReference: {fileID: 0}
    - target: {fileID: 4247125392489048646, guid: aeb21d0f06e309447b9d9221e7b3042e,
        type: 3}
      propertyPath: m_LocalPosition.z
      value: 0
      objectReference: {fileID: 0}
    - target: {fileID: 4247125392489048646, guid: aeb21d0f06e309447b9d9221e7b3042e,
        type: 3}
      propertyPath: m_LocalRotation.w
      value: 1
      objectReference: {fileID: 0}
    - target: {fileID: 4247125392489048646, guid: aeb21d0f06e309447b9d9221e7b3042e,
        type: 3}
      propertyPath: m_LocalRotation.x
      value: -0
      objectReference: {fileID: 0}
    - target: {fileID: 4247125392489048646, guid: aeb21d0f06e309447b9d9221e7b3042e,
        type: 3}
      propertyPath: m_LocalRotation.y
      value: -0
      objectReference: {fileID: 0}
    - target: {fileID: 4247125392489048646, guid: aeb21d0f06e309447b9d9221e7b3042e,
        type: 3}
      propertyPath: m_LocalRotation.z
      value: -0
      objectReference: {fileID: 0}
    - target: {fileID: 4247125392489048646, guid: aeb21d0f06e309447b9d9221e7b3042e,
        type: 3}
      propertyPath: m_LocalEulerAnglesHint.x
      value: 0
      objectReference: {fileID: 0}
    - target: {fileID: 4247125392489048646, guid: aeb21d0f06e309447b9d9221e7b3042e,
        type: 3}
      propertyPath: m_LocalEulerAnglesHint.y
      value: 0
      objectReference: {fileID: 0}
    - target: {fileID: 4247125392489048646, guid: aeb21d0f06e309447b9d9221e7b3042e,
        type: 3}
      propertyPath: m_LocalEulerAnglesHint.z
      value: 0
      objectReference: {fileID: 0}
    - target: {fileID: 4247125392688107806, guid: aeb21d0f06e309447b9d9221e7b3042e,
        type: 3}
      propertyPath: m_Enabled
      value: 1
      objectReference: {fileID: 0}
    m_RemovedComponents: []
  m_SourcePrefab: {fileID: 100100000, guid: aeb21d0f06e309447b9d9221e7b3042e, type: 3}
--- !u!1 &4795366222730830491 stripped
GameObject:
  m_CorrespondingSourceObject: {fileID: 3905108903169653025, guid: aeb21d0f06e309447b9d9221e7b3042e,
    type: 3}
  m_PrefabInstance: {fileID: 8411928020052564922}
  m_PrefabAsset: {fileID: 0}
--- !u!198 &5301978260378931493 stripped
ParticleSystem:
  m_CorrespondingSourceObject: {fileID: 4407127189864680095, guid: aeb21d0f06e309447b9d9221e7b3042e,
    type: 3}
  m_PrefabInstance: {fileID: 8411928020052564922}
  m_PrefabAsset: {fileID: 0}
--- !u!4 &5642440775481078268 stripped
Transform:
  m_CorrespondingSourceObject: {fileID: 4247125392489048646, guid: aeb21d0f06e309447b9d9221e7b3042e,
    type: 3}
  m_PrefabInstance: {fileID: 8411928020052564922}
  m_PrefabAsset: {fileID: 0}
--- !u!1 &5642440775818283683 stripped
GameObject:
  m_CorrespondingSourceObject: {fileID: 4247125392688107801, guid: aeb21d0f06e309447b9d9221e7b3042e,
    type: 3}
  m_PrefabInstance: {fileID: 8411928020052564922}
  m_PrefabAsset: {fileID: 0}
--- !u!1 &5642440776888574002 stripped
GameObject:
  m_CorrespondingSourceObject: {fileID: 4247125391618882440, guid: aeb21d0f06e309447b9d9221e7b3042e,
    type: 3}
  m_PrefabInstance: {fileID: 8411928020052564922}
  m_PrefabAsset: {fileID: 0}
--- !u!96 &5642440776938105020 stripped
TrailRenderer:
  m_CorrespondingSourceObject: {fileID: 4247125391567778566, guid: aeb21d0f06e309447b9d9221e7b3042e,
    type: 3}
  m_PrefabInstance: {fileID: 8411928020052564922}
  m_PrefabAsset: {fileID: 0}
--- !u!1 &6154027990885558631 stripped
GameObject:
  m_CorrespondingSourceObject: {fileID: 2439354702201631453, guid: aeb21d0f06e309447b9d9221e7b3042e,
    type: 3}
  m_PrefabInstance: {fileID: 8411928020052564922}
  m_PrefabAsset: {fileID: 0}
--- !u!1001 &9000794562632071299
PrefabInstance:
  m_ObjectHideFlags: 0
  serializedVersion: 2
  m_Modification:
    m_TransformParent: {fileID: 284630242083521073}
    m_Modifications:
    - target: {fileID: 3107793374307346624, guid: 7d52ecae32d06e74ca9e7546832ea9c3,
        type: 3}
      propertyPath: playOnAwake
      value: 0
      objectReference: {fileID: 0}
    - target: {fileID: 3107793374307346624, guid: 7d52ecae32d06e74ca9e7546832ea9c3,
        type: 3}
      propertyPath: scalingMode
      value: 0
      objectReference: {fileID: 0}
    - target: {fileID: 3275225953974692975, guid: 7d52ecae32d06e74ca9e7546832ea9c3,
        type: 3}
      propertyPath: playOnAwake
      value: 0
      objectReference: {fileID: 0}
    - target: {fileID: 3275225953974692975, guid: 7d52ecae32d06e74ca9e7546832ea9c3,
        type: 3}
      propertyPath: scalingMode
      value: 0
      objectReference: {fileID: 0}
    - target: {fileID: 7633073293617501066, guid: 7d52ecae32d06e74ca9e7546832ea9c3,
        type: 3}
      propertyPath: m_Name
      value: VFX_FireExplosion
      objectReference: {fileID: 0}
    - target: {fileID: 7633073293617501068, guid: 7d52ecae32d06e74ca9e7546832ea9c3,
        type: 3}
      propertyPath: playOnAwake
      value: 0
      objectReference: {fileID: 0}
    - target: {fileID: 7633073293617501068, guid: 7d52ecae32d06e74ca9e7546832ea9c3,
        type: 3}
      propertyPath: scalingMode
      value: 0
      objectReference: {fileID: 0}
    - target: {fileID: 7633073293617501071, guid: 7d52ecae32d06e74ca9e7546832ea9c3,
        type: 3}
      propertyPath: m_RootOrder
      value: 1
      objectReference: {fileID: 0}
    - target: {fileID: 7633073293617501071, guid: 7d52ecae32d06e74ca9e7546832ea9c3,
        type: 3}
      propertyPath: m_LocalScale.x
      value: 0.25
      objectReference: {fileID: 0}
    - target: {fileID: 7633073293617501071, guid: 7d52ecae32d06e74ca9e7546832ea9c3,
        type: 3}
      propertyPath: m_LocalScale.y
      value: 0.25
      objectReference: {fileID: 0}
    - target: {fileID: 7633073293617501071, guid: 7d52ecae32d06e74ca9e7546832ea9c3,
        type: 3}
      propertyPath: m_LocalScale.z
      value: 0.25
      objectReference: {fileID: 0}
    - target: {fileID: 7633073293617501071, guid: 7d52ecae32d06e74ca9e7546832ea9c3,
        type: 3}
      propertyPath: m_LocalPosition.x
      value: 0
      objectReference: {fileID: 0}
    - target: {fileID: 7633073293617501071, guid: 7d52ecae32d06e74ca9e7546832ea9c3,
        type: 3}
      propertyPath: m_LocalPosition.y
      value: 0
      objectReference: {fileID: 0}
    - target: {fileID: 7633073293617501071, guid: 7d52ecae32d06e74ca9e7546832ea9c3,
        type: 3}
      propertyPath: m_LocalPosition.z
      value: 0
      objectReference: {fileID: 0}
    - target: {fileID: 7633073293617501071, guid: 7d52ecae32d06e74ca9e7546832ea9c3,
        type: 3}
      propertyPath: m_LocalRotation.w
      value: 0.7071068
      objectReference: {fileID: 0}
    - target: {fileID: 7633073293617501071, guid: 7d52ecae32d06e74ca9e7546832ea9c3,
        type: 3}
      propertyPath: m_LocalRotation.x
      value: -0.7071068
      objectReference: {fileID: 0}
    - target: {fileID: 7633073293617501071, guid: 7d52ecae32d06e74ca9e7546832ea9c3,
        type: 3}
      propertyPath: m_LocalRotation.y
      value: 0
      objectReference: {fileID: 0}
    - target: {fileID: 7633073293617501071, guid: 7d52ecae32d06e74ca9e7546832ea9c3,
        type: 3}
      propertyPath: m_LocalRotation.z
      value: 0
      objectReference: {fileID: 0}
    - target: {fileID: 7633073293617501071, guid: 7d52ecae32d06e74ca9e7546832ea9c3,
        type: 3}
      propertyPath: m_LocalEulerAnglesHint.x
      value: -90
      objectReference: {fileID: 0}
    - target: {fileID: 7633073293617501071, guid: 7d52ecae32d06e74ca9e7546832ea9c3,
        type: 3}
      propertyPath: m_LocalEulerAnglesHint.y
      value: 0
      objectReference: {fileID: 0}
    - target: {fileID: 7633073293617501071, guid: 7d52ecae32d06e74ca9e7546832ea9c3,
        type: 3}
      propertyPath: m_LocalEulerAnglesHint.z
      value: 0
      objectReference: {fileID: 0}
    - target: {fileID: 7633073295453052127, guid: 7d52ecae32d06e74ca9e7546832ea9c3,
        type: 3}
      propertyPath: playOnAwake
      value: 0
      objectReference: {fileID: 0}
    - target: {fileID: 7633073295453052127, guid: 7d52ecae32d06e74ca9e7546832ea9c3,
        type: 3}
      propertyPath: scalingMode
      value: 0
      objectReference: {fileID: 0}
    m_RemovedComponents: []
  m_SourcePrefab: {fileID: 100100000, guid: 7d52ecae32d06e74ca9e7546832ea9c3, type: 3}
--- !u!4 &1515216424621320972 stripped
Transform:
  m_CorrespondingSourceObject: {fileID: 7633073293617501071, guid: 7d52ecae32d06e74ca9e7546832ea9c3,
    type: 3}
  m_PrefabInstance: {fileID: 9000794562632071299}
  m_PrefabAsset: {fileID: 0}
--- !u!198 &1515216424621320975 stripped
ParticleSystem:
  m_CorrespondingSourceObject: {fileID: 7633073293617501068, guid: 7d52ecae32d06e74ca9e7546832ea9c3,
    type: 3}
  m_PrefabInstance: {fileID: 9000794562632071299}
  m_PrefabAsset: {fileID: 0}
